<record><leader>00000cas a22000007a 4500</leader><controlfield tag="001">36142493</controlfield><controlfield tag="008">961230d1899190uokucr n       0    0eng d</controlfield><datafield ind1=" " ind2=" " tag="010"><subfield code="a">sn 96093334 </subfield></datafield><datafield ind1=" " ind2=" " tag="040"><subfield code="a">OBN</subfield><subfield code="b">eng</subfield><subfield code="c">OBN</subfield><subfield code="d">OCLCQ</subfield><subfield code="d">OCLCF</subfield><subfield code="d">OCLCO</subfield></datafield><datafield ind1="1" ind2=" " tag="029"><subfield code="a">AU@</subfield><subfield code="b">000013023324</subfield></datafield><datafield ind1=" " ind2=" " tag="042"><subfield code="a">msc</subfield></datafield><datafield ind1=" " ind2=" " tag="043"><subfield code="a">n-us-ok</subfield></datafield><datafield ind1="0" ind2=" " tag="130"><subfield code="a">Comanche news (Comanche, Okla. : 1906)</subfield></datafield><datafield ind1="1" ind2="4" tag="245"><subfield code="a">The Comanche news.</subfield></datafield><datafield ind1=" " ind2=" " tag="260"><subfield code="a">Comanche, Indian Territory [Okla.] :</subfield><subfield code="b">News Print. Co.</subfield></datafield><datafield ind1=" " ind2=" " tag="300"><subfield code="a">v.</subfield></datafield><datafield ind1=" " ind2=" " tag="310"><subfield code="a">Semiweekly</subfield></datafield><datafield ind1="1" ind2=" " tag="362"><subfield code="a">Began in 1899.</subfield></datafield><datafield ind1=" " ind2=" " tag="588"><subfield code="a">Description based on: Vol. 9, no. 16 (Feb. 16, 1906).</subfield></datafield><datafield ind1=" " ind2="0" tag="651"><subfield code="a">Comanche (Okla.)</subfield><subfield code="v">Newspapers.</subfield></datafield><datafield ind1=" " ind2="0" tag="651"><subfield code="a">Stephens County (Okla.)</subfield><subfield code="v">Newspapers.</subfield></datafield><datafield ind1=" " ind2="0" tag="651"><subfield code="a">Indian Territory</subfield><subfield code="v">Newspapers.</subfield></datafield><datafield ind1=" " ind2="7" tag="655"><subfield code="a">Newspapers.</subfield><subfield code="2">fast</subfield><subfield code="0">(OCoLC)fst01423814</subfield></datafield><datafield ind1=" " ind2="7" tag="651"><subfield code="a">Oklahoma</subfield><subfield code="z">Comanche.</subfield><subfield code="2">fast</subfield><subfield code="0">(OCoLC)fst01230196</subfield></datafield><datafield ind1=" " ind2="7" tag="651"><subfield code="a">Oklahoma</subfield><subfield code="z">Indian Territory.</subfield><subfield code="2">fast</subfield><subfield code="0">(OCoLC)fst01225150</subfield></datafield><datafield ind1=" " ind2="7" tag="651"><subfield code="a">Oklahoma</subfield><subfield code="z">Stephens County.</subfield><subfield code="2">fast</subfield><subfield code="0">(OCoLC)fst01259792</subfield></datafield><datafield ind1=" " ind2=" " tag="752"><subfield code="a">United States</subfield><subfield code="b">Oklahoma</subfield><subfield code="c">Stephens</subfield><subfield code="d">Comanche.</subfield></datafield><datafield ind1="0" ind2=" " tag="775"><subfield code="t">Comanche daily news</subfield><subfield code="w">(DLC)sn 96093335</subfield><subfield code="w">(OCoLC)36142504</subfield></datafield></record>